<?xml version="1.0" encoding="UTF-8"?>
<record xmlns="http://www.loc.gov/MARC21/slim">
  <leader>     nam a22        4500</leader>
  <controlfield tag="001">1691948535</controlfield>
  <controlfield tag="003">DE-627</controlfield>
  <controlfield tag="005">20200309170824.0</controlfield>
  <controlfield tag="007">cr uuu---uuuuu</controlfield>
  <controlfield tag="008">200309s2019    xx |||||o     00| ||eng c</controlfield>
  <datafield tag="035" ind1=" " ind2=" ">
    <subfield code="a">(DE-627)1691948535</subfield>
  </datafield>
  <datafield tag="035" ind1=" " ind2=" ">
    <subfield code="a">(DE-599)KXP1691948535</subfield>
  </datafield>
  <datafield tag="040" ind1=" " ind2=" ">
    <subfield code="a">DE-627</subfield>
    <subfield code="b">ger</subfield>
    <subfield code="c">DE-627</subfield>
    <subfield code="e">rda</subfield>
  </datafield>
  <datafield tag="041" ind1=" " ind2=" ">
    <subfield code="a">eng</subfield>
  </datafield>
  <datafield tag="044" ind1=" " ind2=" ">
    <subfield code="c">XA-GB</subfield>
  </datafield>
  <datafield tag="100" ind1="1" ind2=" ">
    <subfield code="a">Hjalmarsson, Randi</subfield>
    <subfield code="d">1976-</subfield>
    <subfield code="e">VerfasserIn</subfield>
    <subfield code="0">(DE-588)133067351</subfield>
    <subfield code="0">(DE-627)533319099</subfield>
    <subfield code="0">(DE-576)299601250</subfield>
    <subfield code="4">aut</subfield>
  </datafield>
  <datafield tag="245" ind1="1" ind2="4">
    <subfield code="a">The impact of abortion on crime and crime-related behavior</subfield>
    <subfield code="c">Randi Hjalmarsson, Andreea Mitrut and Cristian Pop-Eleches</subfield>
  </datafield>
  <datafield tag="264" ind1=" " ind2="1">
    <subfield code="a">London</subfield>
    <subfield code="b">Centre for Economic Policy Research</subfield>
    <subfield code="c">14 June 2019</subfield>
  </datafield>
  <datafield tag="300" ind1=" " ind2=" ">
    <subfield code="a">1 Online-Ressource (circa 35 Seiten)</subfield>
    <subfield code="b">Illustrationen</subfield>
  </datafield>
  <datafield tag="336" ind1=" " ind2=" ">
    <subfield code="a">Text</subfield>
    <subfield code="b">txt</subfield>
    <subfield code="2">rdacontent</subfield>
  </datafield>
  <datafield tag="337" ind1=" " ind2=" ">
    <subfield code="a">Computermedien</subfield>
    <subfield code="b">c</subfield>
    <subfield code="2">rdamedia</subfield>
  </datafield>
  <datafield tag="338" ind1=" " ind2=" ">
    <subfield code="a">Online-Ressource</subfield>
    <subfield code="b">cr</subfield>
    <subfield code="2">rdacarrier</subfield>
  </datafield>
  <datafield tag="490" ind1="1" ind2=" ">
    <subfield code="a">Discussion paper series / Centre for Economic Policy Research</subfield>
    <subfield code="a">Labour economics and public economics</subfield>
    <subfield code="v">DP13800</subfield>
  </datafield>
  <datafield tag="700" ind1="1" ind2=" ">
    <subfield code="a">Mitrut, Andreea</subfield>
    <subfield code="d">1977-</subfield>
    <subfield code="e">VerfasserIn</subfield>
    <subfield code="0">(DE-588)136368425</subfield>
    <subfield code="0">(DE-627)581105753</subfield>
    <subfield code="0">(DE-576)28200565X</subfield>
    <subfield code="4">aut</subfield>
  </datafield>
  <datafield tag="700" ind1="1" ind2=" ">
    <subfield code="a">Pop-Eleches, Christian</subfield>
    <subfield code="e">VerfasserIn</subfield>
    <subfield code="0">(DE-588)128735260</subfield>
    <subfield code="0">(DE-627)378684183</subfield>
    <subfield code="0">(DE-576)297305298</subfield>
    <subfield code="4">aut</subfield>
  </datafield>
  <datafield tag="810" ind1="2" ind2=" ">
    <subfield code="a">Centre for Economic Policy Research</subfield>
    <subfield code="t">Discussion papers</subfield>
    <subfield code="v">DP13800</subfield>
    <subfield code="9">13800</subfield>
    <subfield code="w">(DE-627)32040868X</subfield>
    <subfield code="w">(DE-576)095551840</subfield>
    <subfield code="w">(DE-600)2001019-9</subfield>
  </datafield>
  <datafield tag="856" ind1="4" ind2="0">
    <subfield code="u">https://cepr.org/active/publications/discussion_papers/download.php?dpno=13800</subfield>
    <subfield code="x">Verlag</subfield>
    <subfield code="z">Lizenzpflichtig</subfield>
  </datafield>
  <datafield tag="856" ind1="4" ind2="0">
    <subfield code="u">https://cepr.org/active/publications/discussion_papers/dp.php?dpno=13800</subfield>
    <subfield code="x">Verlag</subfield>
    <subfield code="z">Lizenzpflichtig</subfield>
  </datafield>
  <datafield tag="912" ind1=" " ind2=" ">
    <subfield code="a">ZDB-1-CEP</subfield>
  </datafield>
  <datafield tag="924" ind1="1" ind2=" ">
    <subfield code="a">3605464009</subfield>
    <subfield code="b">DE-206</subfield>
    <subfield code="9">206</subfield>
    <subfield code="c">GBV</subfield>
    <subfield code="d">d</subfield>
    <subfield code="g">LZ 161</subfield>
    <subfield code="h">K:</subfield>
  </datafield>
  <datafield tag="950" ind1="l" ind2=" ">
    <subfield code="a">Abortion</subfield>
    <subfield code="a">crime</subfield>
    <subfield code="a">Risky behavior</subfield>
    <subfield code="2">26</subfield>
  </datafield>
  <datafield tag="951" ind1=" " ind2=" ">
    <subfield code="a">BO</subfield>
  </datafield>
</record>